@article{tbtb1,
	author = "Wu,~H. and Huo,~X.~C.",
	title = "The Bigger The Better",
	institution = "Hwa Chong Institution",
	date = 2021,
	url = "http://projectsday.hci.edu.sg/2021/05-Report/cat-08/8-02/index.pdf",
}

@article{chazelle,
	author = "Chazelle,~B.",
	date = "1983",
	url = "https://www.cs.princeton.edu/~chazelle/pubs/PolygContainmentProb.pdf",
	publisher = "JAI Press Inc.",
	isbn = "0-89232-356-6",
	title = "The Polygon Containment Problem",
}

@article{dilworth,
	author = "Dilworth,~S.J. and Mane,~S.R.",
	title = "{On a problem of Croft on optimally nested regular polygons}",
	date = 2011,
	month = jun,
	day = 10,
	publisher = "Springer Basel AG",
	url = "https://people.math.sc.edu/dilworth/preprints_files/DilworthManeJOGpublished.pdf",
}

@article{emch,
	author = "Emch,~A.",
	title = "On Some Properties of the Medians of Closed Continuous Curves Formed by Analytic Arcs",
	date = 1916,
	month = jan,
	publisher = "The Johns Hopkins University Press",
	url = "https://www.jstor.org/stable/2370541?origin=crossref&seq=8#metadata_info_tab_contents",
}
